% Simple example.
@article{Japanese1,
    author = {Sato, Jun and Kaminishi, Eriko and  Deguchi, Tetsuo},
    title= {Exact quantum dynamics of yrast states in the finite 1D Bose gas},
    url = {http://arxiv.org/abs/1401.4262},
    journal = {arXiv:1401.4262 [cond-mat.quant-gas]},
    year = {2014} 
}

@article{Japanese2,
    author = {Sato, Jun and Kanamoto, Rina and Kaminishi, Eriko and  Deguchi, Tetsuo},
    title= {Exact relaxation dynamics of a localized many-body state in the 1D bose gas},
    url = {http://arxiv.org/abs/1112.4244},
    year = {2012} 
}

% Optional fields: volume, number, pages, month, note
@ARTICLE{Slav89,
  author = {Slavnov, N.A.},
  title = {},
  journal = {Teor. Mat. Fiz.},
  volume = {79},
  pages = {232},
  year = {1989}
}

% Optional fields: volume, number, pages, month, note
@ARTICLE{Slav90,
  author = {Slavnov, N.A.},
  title = {},
  journal = {Teor. Mat. Fiz.},
  volume = {82},
  pages = {389},
  year = {1990}
}

@ARTICLE{Kore93,
  author = {Korepin, V.E. and Bogoliubov, N.M. and Izergin, A.G.},
  title = {Quantum Inverse Scattering Method and Correlation
Functions},
  journal = {Cambridge University Press},
  year = {1993}
}

% Extended example.
@article{Wikipedia,
    organisation = {Wikipedia},
    author = {Wikipedia},
    title = {Web application},
    abstract = {Description of the term 'Web application'},
    url = {http://en.wikipedia.org/wiki/Web_application},
    year = {2006},
    month = {12},
    day = {14},
    note = {Downloaded as en.wikipedia.org-wiki-Web_application.html}
}

@ARTICLE{Japanese3,
  author = {Sato, Jun and Kanamoto, Rina and Kaminishi, Eriko and  Deguchi, Tetsuo},
  title = {Quantum dark solitons in the 1D Bose gas and the superfluid velocity},
  url = {http://arxiv.org/abs/1204.3960},
  year = {2012},
  journal = {arXiv:1204.3960 [cond-mat.quant-gas]}
}

@article{Franchini,
    author = {Franchini, Fabio},
    title= {Notes on Bethe Ansatz Techniques},
    month = {5},
    year = {2011} 
}

@article{CauxNotes,
    author = {Caux, J.S.},
    title= {Lecture Notes on the Bethe Ansatz},
    month = {1},
    year = {2011},
    pages = {15} 
}